@online {bib:data_storage_impact,
    author = "AJ Dellinger",
    title  = "The environmental impact of data storage is more than you think — and it’s only getting worse",
    month  = "jun",
    year   = "2019",
    note    = {\url{https://www.mic.com/impact/the-environmental-impact-of-data-storage-is-more-than-you-think-its-only-getting-worse-18017662}}

}

@online {bib:dna_data_storage,
    author = "John Bohannon",
    title  = "DNA: The Ultimate Hard Drive",
    month  = "aug",
    year   = "2012",
    note   = {\url{https://www.wired.com/2012/08/dna-data-storage}}

}
